@ARTICLE{Inderfurth2013,
	author = {Inderfurth, Karl and Kleber, Rainer},
	title = {An Advanced Heuristic for Multiple-Option Spare Parts Procurement after End-of-Production},
	journal = {Production and Operations Management},
	volume = {22},
	number = {1},
	pages = {54-70},
	ISSN = {10591478},
	DOI = {10.1111/j.1937-5956.2012.01358.x},
	year = {2013},
	type = {Journal ARTICLE}
}

@Article{Li2021,
  author  = {Li, Sijie and Shang, You},
  journal = {Frontiers of Computer Science},
  title   = {A quality status encoding scheme for PCB-based products in IoT-enabled remanufacturing},
  year    = {2021},
  issn    = {2095-2228},
  pages   = {155615},
  volume  = {15},
  doi     = {10.1007/s11704-020-9175-0},
  type    = {Journal ARTICLE},
}

@Comment{jabref-meta: databaseType:bibtex;}
